

@Article{silva2015mobile,
  title={Mobile-health: a review of current state in 2015},
  author={Silva, Bruno MC and Rodrigues, Joel JPC and de la Torre D{\'\i}ez, Isabel and L{\'o}pez-Coronado, Miguel and Saleem, Kashif},
  journal={Journal of biomedical informatics},
  volume={56},
  pages={265--272},
  year={2015},
  publisher={Elsevier}
}

@Article{daneels1999scada,
  title={What is SCADA?},
  author={Daneels, Axel and Salter, Wayne},
  year={1999}
}

@Article{colombo2014industrial,
  title={Industrial cloud-based cyber-physical systems},
  author={Colombo, Armando W and Bangemann, Thomas and Karnouskos, Statmatis and Delsing, Jerker and Stluka, Petr and Harrison, Robert and Jammes, Francois and Lastra, Jose L and others},
  journal={The IMC-AESOP Approach},
  year={2014},
  publisher={Springer}
}

@inproceedings{salazar2006instrumentaccao,
  title={Instrumenta{\c{c}}{\~a}o e Controle de uma Planta Industrial Utilizando Tecnologias de Redes Industriais},
  author={Salazar, Andres Ortiz and Maitelli, Andr{\'e} Laurindo and de Oliveira Quintaes, Filipe and Nobre, Val{\'e}rio Ramalho and J{\'u}nior, Eudes Gomes Ara{\'u}jo and Jesus, Priscilla Tereza AF},
  year={2006},
  organization={Confer{\^e}ncia Internacional de Aplica{\c{c}}{\~o}es Industriais-Induscon}
}

@inproceedings{weg2010manualinstalacao,
  title={Manual de Instalação - TPW03 Controlador Programável},
  author={Automação S.A. WEG},
  year={2010},
  url={http://ecatalog.weg.net/files/wegnet/WEG-instalacao-tpw-03-p4-10000350069-manual-portugues-br.pdf}
}

@inproceedings{novus2014folheto,
  title={Controlador Universal de Processos - N2000 \& N2000S},
  author={Produtos Eletrônicos Ltda. NOVUS},
  year={2014},
  url={http://www.novus.com.br/downloads/Arquivos/folheto\_n2000\_e\_n2000s\_port.pdf}
}

@inproceedings{novus2014manual,
  title={Controlador N2000 Controlador Universal de Processos - Manual de Instruções - V3.0x B},
  author={Produtos Eletrônicos Ltda. NOVUS},
  year={2014},
  url={http://www.novus.com.br/downloads/Arquivos/v30x\_b\_manual\_n2000\_portuguese\_a4.pdf}
}

@inproceedings{novus2014modbus,
  title={N1100/ N2000 /N3000 - Tabela de Registradores para Comunicação Serial V2.0x A},
  author={Produtos Eletrônicos Ltda. NOVUS},
  year={2014},
  url={http://www.novus.com.br/downloads/Arquivos/v20x\%20a\%20protocolo\%20n1100-n2000-n3000\%20-\%20portugu\%C3\%AAs\%20a4.pdf}
}

@inproceedings{elipse2015manual,
  title={Elipse SCADA - Manual do Usuário},
  author={Software Ltda. Elipse},
  year={2015},
  url={http://downloads.elipse.com.br/port/download/scada/v2.29/b151/scadamanual_br.pdf}
}

@inproceedings{salcas2015site,
  title={Termoresistência PT100 Salcas TR321},
  author={Indústria & Comércio. Salcas},
  year={2015},
  url={http://www.salcas.com.br/termoresistencia-pt100-salcas-tr-321}
}


@inproceedings{modbus1996manual,
  title={Modicon Modbus Protocol Reference Guide},
  author={Industrial Automation Systems Inc. MODICON},
  year={1996},
  url = {http://modbus.org/docs/PI\_MBUS\_300.pdf}
}
@inproceedings{elipse2016modbus,
  title={Driver Modicon Modbus Master (ASC/RTU/TCP)},
  author={Software Ltda. Elipse},
  year={2016},
}

@inproceedings{peng2008modbus,
 author = {Peng, Dao-gang and Zhang, Hao and Yang, Li and Li, Hui},
 title = {Design and Realization of Modbus Protocol Based on Embedded Linux System},
 booktitle = {Proceedings of the 2008 International Conference on Embedded Software and Systems Symposia},
 series = {ICESSSYMPOSIA '08},
 year = {2008},
 url = {http://dx.doi.org/10.1109/ICESS.Symposia.2008.32},
 publisher = {IEEE Computer Society},
 address = {Washington, DC, USA},
 keywords = {Embedded system, Embedded Linux, Modbus protocol, Data acquisition, Monitoring and control},
} 

@inproceedings{iokit2009manual,
  title={Manual do Usuário do IOKit},
  author={Software Ltda. Elipse},
  year={2009},
}